<record xmlns="http://www.loc.gov/MARC21/slim">
   <leader>06422cam a2200997 a 4500</leader>
   <controlfield tag="001">6510119</controlfield>
   <controlfield tag="003">OCoLC</controlfield>
   <controlfield tag="005">20160430095246.2</controlfield>
   <controlfield tag="006">m     o  d        </controlfield>
   <controlfield tag="007">cr |n|</controlfield>
   <controlfield tag="008">140228s2015    maua    o     001 0 eng d</controlfield>
   <datafield ind1=" " ind2=" " tag="020">
      <subfield code="a">1305073509</subfield>
   </datafield>
   <datafield ind1=" " ind2=" " tag="020">
      <subfield code="a">1305073525</subfield>
      <subfield code="q">(electronic bk.)</subfield>
   </datafield>
   <datafield ind1=" " ind2=" " tag="020">
      <subfield code="a">9781305073500</subfield>
   </datafield>
   <datafield ind1=" " ind2=" " tag="020">
      <subfield code="a">9781305073524</subfield>
      <subfield code="q">(electronic bk.)</subfield>
   </datafield>
   <datafield ind1=" " ind2=" " tag="020">
      <subfield code="z">9781305073500</subfield>
   </datafield>
   <datafield ind1=" " ind2=" " tag="035">
      <subfield code="a">ocn871201765</subfield>
   </datafield>
   <datafield ind1=" " ind2=" " tag="039">
      <subfield code="a">exclude</subfield>
   </datafield>
   <datafield ind1=" " ind2=" " tag="040">
      <subfield code="a">UMI</subfield>
      <subfield code="b">eng</subfield>
      <subfield code="e">pn</subfield>
      <subfield code="c">UMI</subfield>
      <subfield code="d">E7B</subfield>
      <subfield code="d">N$T</subfield>
      <subfield code="d">COO</subfield>
      <subfield code="d">DEBBG</subfield>
      <subfield code="d">B24X7</subfield>
      <subfield code="d">STF</subfield>
      <subfield code="d">DEBSZ</subfield>
      <subfield code="d">YDXCP</subfield>
      <subfield code="d">OCLCF</subfield>
      <subfield code="d">EBLCP</subfield>
      <subfield code="d">OCLCQ</subfield>
      <subfield code="d">AEU</subfield>
   </datafield>
   <datafield ind1=" " ind2="4" tag="050">
      <subfield code="a">TK7881.4</subfield>
   </datafield>
   <datafield ind1=" " ind2="7" tag="072">
      <subfield code="a">MUS</subfield>
      <subfield code="x">041000</subfield>
      <subfield code="2">bisacsh</subfield>
   </datafield>
   <datafield ind1="0" ind2="4" tag="082">
      <subfield code="a">781.345365</subfield>
      <subfield code="2">23</subfield>
   </datafield>
   <datafield ind1=" " ind2=" " tag="090">
      <subfield code="a">Internet Access</subfield>
      <subfield code="b">ASAV</subfield>
   </datafield>
   <datafield ind1=" " ind2=" " tag="090">
      <subfield code="a">Internet Access</subfield>
      <subfield code="b">AEU</subfield>
   </datafield>
   <datafield ind1=" " ind2=" " tag="090">
      <subfield code="a">Internet Access</subfield>
      <subfield code="b">AGPC</subfield>
   </datafield>
   <datafield ind1=" " ind2=" " tag="090">
      <subfield code="a">Internet Access</subfield>
      <subfield code="b">AFMK</subfield>
   </datafield>
   <datafield ind1=" " ind2=" " tag="090">
      <subfield code="a">Internet Access</subfield>
      <subfield code="b">AEKC</subfield>
   </datafield>
   <datafield ind1=" " ind2=" " tag="090">
      <subfield code="a">Internet Access</subfield>
      <subfield code="b">AEGMCT</subfield>
   </datafield>
   <datafield ind1=" " ind2=" " tag="090">
      <subfield code="a">Internet Access</subfield>
      <subfield code="b">AOAC</subfield>
   </datafield>
   <datafield ind1=" " ind2=" " tag="090">
      <subfield code="a">Internet Access</subfield>
      <subfield code="b">AEC</subfield>
   </datafield>
   <datafield ind1=" " ind2=" " tag="090">
      <subfield code="a">Internet Access</subfield>
      <subfield code="b">AEGMCT</subfield>
   </datafield>
   <datafield ind1=" " ind2=" " tag="090">
      <subfield code="a">Internet Access</subfield>
      <subfield code="b">AEVC</subfield>
   </datafield>
   <datafield ind1=" " ind2=" " tag="090">
      <subfield code="a">Internet Access</subfield>
      <subfield code="b">AGPC</subfield>
   </datafield>
   <datafield ind1=" " ind2=" " tag="090">
      <subfield code="a">Internet Access</subfield>
      <subfield code="b">AOAC</subfield>
   </datafield>
   <datafield ind1=" " ind2=" " tag="090">
      <subfield code="a">Internet Access</subfield>
      <subfield code="b">ARDC</subfield>
   </datafield>
   <datafield ind1=" " ind2=" " tag="090">
      <subfield code="a">Internet Access</subfield>
      <subfield code="b">AEGMCT</subfield>
   </datafield>
   <datafield ind1=" " ind2=" " tag="090">
      <subfield code="a">Internet Access</subfield>
      <subfield code="b">AEU</subfield>
   </datafield>
   <datafield ind1="1" ind2=" " tag="100">
      <subfield code="a">Anker, Kevin.</subfield>
   </datafield>
   <datafield ind1="1" ind2="0" tag="245">
      <subfield code="a">Logic Pro X power!</subfield>
      <subfield code="h">[electronic resource] :</subfield>
      <subfield code="b">the comprehensive guide /</subfield>
      <subfield code="c">Kevin Anker.</subfield>
   </datafield>
   <datafield ind1=" " ind2=" " tag="260">
      <subfield code="a">Boston, MA :</subfield>
      <subfield code="b">Cengage Learning PTR,</subfield>
      <subfield code="c">©2015.</subfield>
   </datafield>
   <datafield ind1=" " ind2=" " tag="300">
      <subfield code="a">1 online resource (1 volume) :</subfield>
      <subfield code="b">illustrations</subfield>
   </datafield>
   <datafield ind1=" " ind2=" " tag="336">
      <subfield code="a">text</subfield>
      <subfield code="b">txt</subfield>
      <subfield code="2">rdacontent</subfield>
   </datafield>
   <datafield ind1=" " ind2=" " tag="337">
      <subfield code="a">computer</subfield>
      <subfield code="b">c</subfield>
      <subfield code="2">rdamedia</subfield>
   </datafield>
   <datafield ind1=" " ind2=" " tag="338">
      <subfield code="a">online resource</subfield>
      <subfield code="b">cr</subfield>
      <subfield code="2">rdacarrier</subfield>
   </datafield>
   <datafield ind1=" " ind2=" " tag="500">
      <subfield code="a">Includes index.</subfield>
   </datafield>
   <datafield ind1=" " ind2=" " tag="506">
      <subfield code="a">Access restricted to authorized users and institutions.</subfield>
   </datafield>
   <datafield ind1="0" ind2=" " tag="588">
      <subfield code="a">Online resource; title from title page (Safari, viewed Feb. 20, 2014).</subfield>
   </datafield>
   <datafield ind1=" " ind2=" " tag="596">
      <subfield code="a">1 3 8 11 21 31 33 35 44 57 60</subfield>
   </datafield>
   <datafield ind1="0" ind2="0" tag="630">
      <subfield code="a">Logic (Computer file)</subfield>
   </datafield>
   <datafield ind1="0" ind2="7" tag="630">
      <subfield code="a">Logic (Computer file)</subfield>
      <subfield code="2">fast</subfield>
      <subfield code="0">(OCoLC)fst01399623</subfield>
   </datafield>
   <datafield ind1=" " ind2="0" tag="650">
      <subfield code="a">Digital audio editors.</subfield>
   </datafield>
   <datafield ind1=" " ind2="7" tag="650">
      <subfield code="a">Apple computer.</subfield>
      <subfield code="2">fast</subfield>
      <subfield code="0">(OCoLC)fst00811612</subfield>
   </datafield>
   <datafield ind1=" " ind2="7" tag="650">
      <subfield code="a">Digital audio editors.</subfield>
      <subfield code="2">fast</subfield>
      <subfield code="0">(OCoLC)fst01201927</subfield>
   </datafield>
   <datafield ind1="4" ind2="0" tag="856">
      <subfield code="3">Northern Lakes College Access</subfield>
      <subfield code="u">http://search.ebscohost.com/login.aspx?direct=true&amp;scope=site&amp;db=e000xna&amp;AN=699509</subfield>
      <subfield code="z">(Unlimited Concurrent Users)</subfield>
      <subfield code="z">from EBSCO Academic Collection</subfield>
   </datafield>
   <datafield ind1="4" ind2="0" tag="856">
      <subfield code="3">University of Alberta Access</subfield>
      <subfield code="u">http://search.ebscohost.com/login.aspx?direct=true&amp;scope=site&amp;db=e000xna&amp;AN=699509</subfield>
      <subfield code="z">(Unlimited Concurrent Users)</subfield>
      <subfield code="z">from EBSCO Academic Collection</subfield>
   </datafield>
   <datafield ind1="4" ind2="0" tag="856">
      <subfield code="3">Alberta Government Library Access</subfield>
      <subfield code="u">http://search.ebscohost.com/login.aspx?direct=true&amp;scope=site&amp;db=e000xna&amp;AN=699509</subfield>
      <subfield code="z">(Unlimited Concurrent Users)</subfield>
      <subfield code="z">from EBSCO Academic Collection</subfield>
   </datafield>
   <datafield ind1="4" ind2="0" tag="856">
      <subfield code="3">Grande Prairie Regional College Access</subfield>
      <subfield code="u">http://search.ebscohost.com/login.aspx?direct=true&amp;scope=site&amp;db=e000xna&amp;AN=699509</subfield>
      <subfield code="z">(Unlimited Concurrent Users)</subfield>
      <subfield code="z">from EBSCO Academic Collection</subfield>
   </datafield>
   <datafield ind1="4" ind2="0" tag="856">
      <subfield code="3">Keyano College Access</subfield>
      <subfield code="u">http://search.ebscohost.com/login.aspx?direct=true&amp;scope=site&amp;db=e000xna&amp;AN=699509</subfield>
      <subfield code="z">(Unlimited Concurrent Users)</subfield>
      <subfield code="z">from EBSCO Academic Collection</subfield>
   </datafield>
   <datafield ind1="4" ind2="0" tag="856">
      <subfield code="3">King's University Access</subfield>
      <subfield code="u">http://search.ebscohost.com/login.aspx?direct=true&amp;scope=site&amp;db=e000xna&amp;AN=699509</subfield>
      <subfield code="z">(Unlimited Concurrent Users)</subfield>
      <subfield code="z">from EBSCO Academic Collection</subfield>
   </datafield>
   <datafield ind1="4" ind2="0" tag="856">
      <subfield code="3">MacEwan University Access</subfield>
      <subfield code="u">http://search.ebscohost.com/login.aspx?direct=true&amp;scope=site&amp;db=e000xna&amp;AN=699509</subfield>
      <subfield code="z">(Unlimited Concurrent Users)</subfield>
      <subfield code="z">from EBSCO Academic Collection</subfield>
   </datafield>
   <datafield ind1="4" ind2="0" tag="856">
      <subfield code="3">Olds College Access</subfield>
      <subfield code="u">http://search.ebscohost.com/login.aspx?direct=true&amp;scope=site&amp;db=e000xna&amp;AN=699509</subfield>
      <subfield code="z">(Unlimited Concurrent Users)</subfield>
      <subfield code="z">from EBSCO Academic Collection</subfield>
   </datafield>
   <datafield ind1="4" ind2="0" tag="856">
      <subfield code="3">Concordia University of Edmonton Access</subfield>
      <subfield code="u">http://site.ebrary.com/lib/concordiaab/Doc?id=10837767</subfield>
      <subfield code="z">from ebrary</subfield>
   </datafield>
   <datafield ind1="4" ind2="0" tag="856">
      <subfield code="3">Grande Prairie Regional College Access</subfield>
      <subfield code="u">http://ezproxy.agpc.talonline.ca:80/login?url=http://site.ebrary.com/lib/gprc/Doc?id=10837767</subfield>
      <subfield code="z">from ebrary</subfield>
   </datafield>
   <datafield ind1="4" ind2="0" tag="856">
      <subfield code="3">MacEwan University Access</subfield>
      <subfield code="u">http://site.ebrary.com/lib/macewan/Doc?id=10837767</subfield>
      <subfield code="z">(Unlimited Concurrent Users)</subfield>
      <subfield code="z">from ebrary</subfield>
   </datafield>
   <datafield ind1="4" ind2="0" tag="856">
      <subfield code="3">NorQuest College Access</subfield>
      <subfield code="u">http://site.ebrary.com/lib/norquest/Doc?id=10837767</subfield>
      <subfield code="z">from ebrary</subfield>
   </datafield>
   <datafield ind1="4" ind2="0" tag="856">
      <subfield code="3">Olds College Access</subfield>
      <subfield code="u">http://site.ebrary.com/lib/oldscollege/Doc?id=10837767</subfield>
      <subfield code="z">from ebrary</subfield>
   </datafield>
   <datafield ind1="4" ind2="0" tag="856">
      <subfield code="3">Red Deer College Access</subfield>
      <subfield code="u">http://site.ebrary.com/lib/rdcollege/Doc?id=10837767</subfield>
      <subfield code="z">from ebrary</subfield>
   </datafield>
   <datafield ind1="4" ind2="0" tag="856">
      <subfield code="3">University of Alberta Access</subfield>
      <subfield code="u">http://proquest.safaribooksonline.com/?uiCode=ualberta&amp;xmlId=9781305073500</subfield>
   </datafield>
   <datafield ind1=" " ind2=" " tag="949">
      <subfield code="h">UAIN</subfield>
      <subfield code="m">NLC_INT</subfield>
      <subfield code="z">EBSCONLC</subfield>
   </datafield>
   <datafield ind1=" " ind2=" " tag="919">
      <subfield code="a">ebr10837767</subfield>
   </datafield>
   <datafield ind1=" " ind2=" " tag="919">
      <subfield code="a">ebr10837767</subfield>
   </datafield>
   <datafield ind1=" " ind2=" " tag="926">
      <subfield code="a">Internet Access</subfield>
      <subfield code="w">LC</subfield>
      <subfield code="c">1</subfield>
      <subfield code="i">6510119-1001</subfield>
      <subfield code="l">INTERNET</subfield>
      <subfield code="m">UAINTERNET</subfield>
      <subfield code="r">Y</subfield>
      <subfield code="s">Y</subfield>
      <subfield code="t">E-RESOURCE</subfield>
      <subfield code="u">3/12/2014</subfield>
      <subfield code="x">E-BOOK</subfield>
      <subfield code="z">SAFARI</subfield>
   </datafield>
   <datafield ind1=" " ind2=" " tag="926">
      <subfield code="a">Internet Access</subfield>
      <subfield code="w">LC</subfield>
      <subfield code="c">2</subfield>
      <subfield code="i">6510119-1002</subfield>
      <subfield code="l">INTERNET</subfield>
      <subfield code="m">UAINTERNET</subfield>
      <subfield code="r">Y</subfield>
      <subfield code="s">Y</subfield>
      <subfield code="t">E-RESOURCE</subfield>
      <subfield code="u">5/3/2016</subfield>
      <subfield code="x">E-BOOK</subfield>
      <subfield code="z">EBSCO</subfield>
   </datafield>
   <datafield ind1=" " ind2=" " tag="926">
      <subfield code="a">Internet Access</subfield>
      <subfield code="w">LC</subfield>
      <subfield code="c">2</subfield>
      <subfield code="i">6510119-2002</subfield>
      <subfield code="k">DISCARD</subfield>
      <subfield code="l">INTERNET</subfield>
      <subfield code="m">GR_MAC_INT</subfield>
      <subfield code="r">Y</subfield>
      <subfield code="s">Y</subfield>
      <subfield code="t">E-RESOURCE</subfield>
      <subfield code="u">12/16/2015</subfield>
      <subfield code="x">E-BOOK</subfield>
      <subfield code="z">EBRARYACGM</subfield>
   </datafield>
   <datafield ind1=" " ind2=" " tag="926">
      <subfield code="a">Internet Access</subfield>
      <subfield code="w">LC</subfield>
      <subfield code="c">3</subfield>
      <subfield code="i">6510119-2003</subfield>
      <subfield code="l">INTERNET</subfield>
      <subfield code="m">GR_MAC_INT</subfield>
      <subfield code="r">Y</subfield>
      <subfield code="s">Y</subfield>
      <subfield code="t">E-RESOURCE</subfield>
      <subfield code="u">5/3/2016</subfield>
      <subfield code="x">E-BOOK</subfield>
      <subfield code="z">EBSCOGM</subfield>
   </datafield>
   <datafield ind1=" " ind2=" " tag="926">
      <subfield code="a">Internet Access</subfield>
      <subfield code="w">LC</subfield>
      <subfield code="c">1</subfield>
      <subfield code="i">6510119-3001</subfield>
      <subfield code="k">DISCARD</subfield>
      <subfield code="l">INTERNET</subfield>
      <subfield code="m">CONCORDIA</subfield>
      <subfield code="r">Y</subfield>
      <subfield code="s">Y</subfield>
      <subfield code="t">E-RESOURCE</subfield>
      <subfield code="u">12/16/2015</subfield>
      <subfield code="x">E-BOOK</subfield>
      <subfield code="z">EBRARYACCN</subfield>
   </datafield>
   <datafield ind1=" " ind2=" " tag="926">
      <subfield code="a">Internet Access</subfield>
      <subfield code="w">LC</subfield>
      <subfield code="c">1</subfield>
      <subfield code="i">6510119-4001</subfield>
      <subfield code="k">DISCARD</subfield>
      <subfield code="l">INTERNET</subfield>
      <subfield code="m">GPRC_INT</subfield>
      <subfield code="r">Y</subfield>
      <subfield code="s">Y</subfield>
      <subfield code="t">E-RESOURCE</subfield>
      <subfield code="u">12/16/2015</subfield>
      <subfield code="x">E-BOOK</subfield>
      <subfield code="z">EBRARYACGP</subfield>
   </datafield>
   <datafield ind1=" " ind2=" " tag="926">
      <subfield code="a">Internet Access</subfield>
      <subfield code="w">LC</subfield>
      <subfield code="c">2</subfield>
      <subfield code="i">6510119-4002</subfield>
      <subfield code="l">INTERNET</subfield>
      <subfield code="m">GPRC_INT</subfield>
      <subfield code="r">Y</subfield>
      <subfield code="s">Y</subfield>
      <subfield code="t">E-RESOURCE</subfield>
      <subfield code="u">5/3/2016</subfield>
      <subfield code="x">E-BOOK</subfield>
      <subfield code="z">EBSCOGP</subfield>
   </datafield>
   <datafield ind1=" " ind2=" " tag="926">
      <subfield code="a">Internet Access</subfield>
      <subfield code="w">LC</subfield>
      <subfield code="c">1</subfield>
      <subfield code="i">6510119-5001</subfield>
      <subfield code="k">DISCARD</subfield>
      <subfield code="l">INTERNET</subfield>
      <subfield code="m">NORQ_MAIN</subfield>
      <subfield code="r">Y</subfield>
      <subfield code="s">Y</subfield>
      <subfield code="t">E-RESOURCE</subfield>
      <subfield code="u">12/16/2015</subfield>
      <subfield code="x">E-BOOK</subfield>
      <subfield code="z">EBRARYCCNQ</subfield>
   </datafield>
   <datafield ind1=" " ind2=" " tag="926">
      <subfield code="a">Internet Access</subfield>
      <subfield code="w">LC</subfield>
      <subfield code="c">1</subfield>
      <subfield code="i">6510119-6001</subfield>
      <subfield code="k">DISCARD</subfield>
      <subfield code="l">INTERNET</subfield>
      <subfield code="m">OLDS</subfield>
      <subfield code="r">Y</subfield>
      <subfield code="s">Y</subfield>
      <subfield code="t">E-RESOURCE</subfield>
      <subfield code="u">12/16/2015</subfield>
      <subfield code="x">E-BOOK</subfield>
      <subfield code="z">EBRARYCCOL</subfield>
   </datafield>
   <datafield ind1=" " ind2=" " tag="926">
      <subfield code="a">Internet Access</subfield>
      <subfield code="w">LC</subfield>
      <subfield code="c">2</subfield>
      <subfield code="i">6510119-6002</subfield>
      <subfield code="l">INTERNET</subfield>
      <subfield code="m">OLDS</subfield>
      <subfield code="r">Y</subfield>
      <subfield code="s">Y</subfield>
      <subfield code="t">E-RESOURCE</subfield>
      <subfield code="u">5/3/2016</subfield>
      <subfield code="x">E-BOOK</subfield>
      <subfield code="z">EBSCOOLD</subfield>
   </datafield>
   <datafield ind1=" " ind2=" " tag="926">
      <subfield code="a">Internet Access</subfield>
      <subfield code="w">LC</subfield>
      <subfield code="c">1</subfield>
      <subfield code="i">6510119-7001</subfield>
      <subfield code="k">DISCARD</subfield>
      <subfield code="l">INTERNET</subfield>
      <subfield code="m">RED_DEER_C</subfield>
      <subfield code="r">Y</subfield>
      <subfield code="s">Y</subfield>
      <subfield code="t">E-RESOURCE</subfield>
      <subfield code="u">12/16/2015</subfield>
      <subfield code="x">E-BOOK</subfield>
      <subfield code="z">EBRARYACRD</subfield>
   </datafield>
   <datafield ind1=" " ind2=" " tag="926">
      <subfield code="a">Internet Access</subfield>
      <subfield code="w">LC</subfield>
      <subfield code="c">1</subfield>
      <subfield code="i">6510119-8001</subfield>
      <subfield code="l">INTERNET</subfield>
      <subfield code="m">AGINTERNET</subfield>
      <subfield code="r">Y</subfield>
      <subfield code="s">Y</subfield>
      <subfield code="t">E-RESOURCE</subfield>
      <subfield code="u">5/3/2016</subfield>
      <subfield code="x">E-BOOK</subfield>
      <subfield code="z">EBSCOAGL</subfield>
   </datafield>
   <datafield ind1=" " ind2=" " tag="926">
      <subfield code="a">Internet Access</subfield>
      <subfield code="w">LC</subfield>
      <subfield code="c">1</subfield>
      <subfield code="i">6510119-9001</subfield>
      <subfield code="l">INTERNET</subfield>
      <subfield code="m">KEYANO</subfield>
      <subfield code="r">Y</subfield>
      <subfield code="s">Y</subfield>
      <subfield code="t">E-RESOURCE</subfield>
      <subfield code="u">5/3/2016</subfield>
      <subfield code="x">E-BOOK</subfield>
      <subfield code="z">EBSCOKEY</subfield>
   </datafield>
   <datafield ind1=" " ind2=" " tag="926">
      <subfield code="a">Internet Access</subfield>
      <subfield code="w">LC</subfield>
      <subfield code="c">1</subfield>
      <subfield code="i">6510119-10001</subfield>
      <subfield code="l">INTERNET</subfield>
      <subfield code="m">KINGS</subfield>
      <subfield code="r">Y</subfield>
      <subfield code="s">Y</subfield>
      <subfield code="t">E-RESOURCE</subfield>
      <subfield code="u">5/3/2016</subfield>
      <subfield code="x">E-BOOK</subfield>
      <subfield code="z">EBSCOKI</subfield>
   </datafield>
   <datafield ind1=" " ind2=" " tag="926">
      <subfield code="a">Internet Access</subfield>
      <subfield code="w">LC</subfield>
      <subfield code="c">1</subfield>
      <subfield code="i">6510119-11001</subfield>
      <subfield code="l">INTERNET</subfield>
      <subfield code="m">NLC_INT</subfield>
      <subfield code="r">Y</subfield>
      <subfield code="s">Y</subfield>
      <subfield code="t">E-RESOURCE</subfield>
      <subfield code="u">3/21/2017</subfield>
      <subfield code="x">E-BOOK</subfield>
      <subfield code="z">EBSCONLC</subfield>
   </datafield>
</record>
